<?xml version="1.0" encoding="UTF-8"?><collection xmlns="http://www.loc.gov/MARC21/slim"><record><leader>00332nam--2200121-i-4500</leader><controlfield tag="001">000002965</controlfield><controlfield tag="002">20161230</controlfield><controlfield tag="005">20161230201025</controlfield><controlfield tag="008">060222s1000------------r-----000-0-eng-d</controlfield><datafield ind1=" " ind2=" " tag="100"><subfield code="a">Brinkman, H.C</subfield></datafield><datafield ind1=" " ind2=" " tag="245"><subfield code="a">Applications of spinor invaraints in atomic phisics</subfield></datafield><datafield ind1=" " ind2=" " tag="260"><subfield code="a">Amsterdam, North-holland, 1956 Xii + 72 - 74 P</subfield></datafield><datafield ind1=" " ind2=" " tag="852"><subfield code="a">11696</subfield></datafield></record></collection>